
@online{Cr14,
	title = "Create a fog shader",
	year = "2014",
	howpublished  = "\url{http://in2gpu.com/2014/07/22/create-fog-shader/} Stand: 22.06.2014"
}

@online{BF1,
	title = "Basisfunktionalitäten von Spiel-Engines",
	note = "\url{https://de.wikipedia.org/wiki/Spiel-Engine, Aufruf Januar 2017}"
}
@online{GE1,
	title = "Uebersicht verschiedener Game-Engines",
	note = "\url{https://de.wikipedia.org/wiki/Liste-von-Spiel-Engines}, Aufruf Januar 2017"
}

@book{GE2,
	author    = "David H. Eberly",
	title = "3D Game Engine Design: A Practical Approach to Real-Time Computer Graphics",
	year      = "2006",
	publisher = "CRC Press"
}
@online{JM1,
	title = "jMonkey Engine Funktionalitäten",
	note = "\url{https://de.wikipedia.org/wiki/JMonkeyEngine}, Aufruf Januar 2017"
}

@online{FC1, 
	title = "Definition von Frustrum Culling nach DelphiGL",
	note = "\url{https://wiki.delphigl.com/index.php/Frustum_Culling}, Aufruf Januar 2017" 
}
@online{BG1,
	title = "jMonkeyEngine Documentation",
	note = "\url{https://docs.jmonkeyengine.org/}, Aufruf Januar 2017"
}

@online{OBJ1,
	title = "OBJ von Wavefront Technologies",
	note = "\url{www.dateiendung.com/format/obj}, Aufruf Januar 2017"

}
@online{Abb4,
	title = "Terrain",
	note = "\url{http://www.custommapmakers.org/skyboxes.php}, Aufruf Januar 2017"
}

@online{Abb567,
	title = "Light and Shadow",
	note = "\url{https://docs.jmonkeyengine.org/advanced/light_and_shadow.html}, Aufruf Januar 2017"
}
@online{Abb10,
title = "LOD",
note = "\url{https://docs.jmonkeyengine.org/advanced/level_of_detail.htmls}, Aufruf Januar 2017"
}
@online{Fig1,
	title = "3D Model Figures",
	year = "2014",
	note = "Abbildungen: \url{https://hub.jmonkeyengine.org/t/changes-to-animations-loading-in-blender-importer-important-for-importer-users/28304/10}, Aufruf Januar 2017"
}

@Misc{Fig2,
	title = "3D Game Example",
	author = "ThinMatrix",
	year = "2015",
	note = "\url{https://i.ytimg.com/vi/E-XLyX7Lwsw/maxresdefault.jpg}, Aufruf Januar 2017"
}